%YAML 1.1
%TAG !u! tag:unity3d.com,2011:
--- !u!1 &161314
GameObject:
  m_ObjectHideFlags: 0
  m_PrefabParentObject: {fileID: 0}
  m_PrefabInternal: {fileID: 100100000}
  serializedVersion: 4
  m_Component:
  - 4: {fileID: 454336}
  - 212: {fileID: 21247154}
  m_Layer: 0
  m_Name: Sprite
  m_TagString: Untagged
  m_Icon: {fileID: 0}
  m_NavMeshLayer: 0
  m_StaticEditorFlags: 0
  m_IsActive: 1
--- !u!1 &193612
GameObject:
  m_ObjectHideFlags: 0
  m_PrefabParentObject: {fileID: 0}
  m_PrefabInternal: {fileID: 100100000}
  serializedVersion: 4
  m_Component:
  - 4: {fileID: 487998}
  - 114: {fileID: 11465876}
  - 50: {fileID: 5058152}
  - 61: {fileID: 6122562}
  m_Layer: 0
  m_Name: AnvilPrefab
  m_TagString: Projectile
  m_Icon: {fileID: 0}
  m_NavMeshLayer: 0
  m_StaticEditorFlags: 0
  m_IsActive: 1
--- !u!4 &454336
Transform:
  m_ObjectHideFlags: 1
  m_PrefabParentObject: {fileID: 0}
  m_PrefabInternal: {fileID: 100100000}
  m_GameObject: {fileID: 161314}
  m_LocalRotation: {x: 0, y: 0, z: 0, w: 1}
  m_LocalPosition: {x: 0, y: 0, z: 0}
  m_LocalScale: {x: 2, y: 2, z: 2}
  m_Children: []
  m_Father: {fileID: 487998}
  m_RootOrder: 0
--- !u!4 &487998
Transform:
  m_ObjectHideFlags: 1
  m_PrefabParentObject: {fileID: 0}
  m_PrefabInternal: {fileID: 100100000}
  m_GameObject: {fileID: 193612}
  m_LocalRotation: {x: 0, y: 0, z: 0, w: 1}
  m_LocalPosition: {x: 0, y: 0, z: 0}
  m_LocalScale: {x: 1, y: 1, z: 1}
  m_Children:
  - {fileID: 454336}
  m_Father: {fileID: 0}
  m_RootOrder: 0
--- !u!50 &5058152
Rigidbody2D:
  serializedVersion: 2
  m_ObjectHideFlags: 1
  m_PrefabParentObject: {fileID: 0}
  m_PrefabInternal: {fileID: 100100000}
  m_GameObject: {fileID: 193612}
  m_Mass: 1
  m_LinearDrag: 0
  m_AngularDrag: .0500000007
  m_GravityScale: 0
  m_IsKinematic: 0
  m_Interpolate: 0
  m_SleepingMode: 1
  m_CollisionDetection: 0
  m_Constraints: 4
--- !u!61 &6122562
BoxCollider2D:
  m_ObjectHideFlags: 1
  m_PrefabParentObject: {fileID: 0}
  m_PrefabInternal: {fileID: 100100000}
  m_GameObject: {fileID: 193612}
  m_Enabled: 1
  m_Material: {fileID: 0}
  m_IsTrigger: 1
  m_UsedByEffector: 0
  m_Offset: {x: 0, y: 0}
  serializedVersion: 2
  m_Size: {x: .800000012, y: .400000006}
--- !u!114 &11465876
MonoBehaviour:
  m_ObjectHideFlags: 1
  m_PrefabParentObject: {fileID: 0}
  m_PrefabInternal: {fileID: 100100000}
  m_GameObject: {fileID: 193612}
  m_Enabled: 1
  m_EditorHideFlags: 0
  m_Script: {fileID: 11500000, guid: c43bdd4a3d128ec4a9a1d393bc39f095, type: 3}
  m_Name: 
  m_EditorClassIdentifier: 
  throwSounds:
  - {fileID: 8300000, guid: 88930b07aaddf1041b07d9f65aff2be6, type: 3}
  - {fileID: 8300000, guid: febc0b3fbfdbad74d939686202be0e18, type: 3}
  - {fileID: 8300000, guid: d819746f07a230445842a9b379b9d5ac, type: 3}
  - {fileID: 8300000, guid: 814cee2b35b96c94086f54b47e6d4022, type: 3}
  hitSounds:
  - {fileID: 8300000, guid: 9ae25edb511094c4fb713b6f1ca4b1f3, type: 3}
  - {fileID: 8300000, guid: df3f0cc9b2a083843b93e85774af41ac, type: 3}
  - {fileID: 8300000, guid: 5e661976c1c2f2543a98238efbdc2507, type: 3}
  speed: 5
  destroyOnHit: 1
--- !u!212 &21247154
SpriteRenderer:
  m_ObjectHideFlags: 1
  m_PrefabParentObject: {fileID: 0}
  m_PrefabInternal: {fileID: 100100000}
  m_GameObject: {fileID: 161314}
  m_Enabled: 1
  m_CastShadows: 0
  m_ReceiveShadows: 0
  m_Materials:
  - {fileID: 10754, guid: 0000000000000000e000000000000000, type: 0}
  m_SubsetIndices: 
  m_StaticBatchRoot: {fileID: 0}
  m_UseLightProbes: 1
  m_ReflectionProbeUsage: 1
  m_ProbeAnchor: {fileID: 0}
  m_ScaleInLightmap: 1
  m_PreserveUVs: 0
  m_ImportantGI: 0
  m_AutoUVMaxDistance: .5
  m_AutoUVMaxAngle: 89
  m_LightmapParameters: {fileID: 0}
  m_SortingLayerID: 0
  m_SortingOrder: 3
  m_Sprite: {fileID: 21300000, guid: 051f9e2673dd3e54eb2aa14d8c70cec6, type: 3}
  m_Color: {r: 1, g: 1, b: 1, a: 1}
--- !u!1001 &100100000
Prefab:
  m_ObjectHideFlags: 1
  serializedVersion: 2
  m_Modification:
    m_TransformParent: {fileID: 0}
    m_Modifications:
    - target: {fileID: 0}
      propertyPath: hitSounds.Array.size
      value: 3
      objectReference: {fileID: 0}
    - target: {fileID: 0}
      propertyPath: throwSounds.Array.size
      value: 4
      objectReference: {fileID: 0}
    - target: {fileID: 0}
      propertyPath: hitSounds.Array.data[0]
      value: 
      objectReference: {fileID: 8300000, guid: 9ae25edb511094c4fb713b6f1ca4b1f3, type: 3}
    - target: {fileID: 0}
      propertyPath: hitSounds.Array.data[1]
      value: 
      objectReference: {fileID: 8300000, guid: df3f0cc9b2a083843b93e85774af41ac, type: 3}
    - target: {fileID: 0}
      propertyPath: hitSounds.Array.data[2]
      value: 
      objectReference: {fileID: 8300000, guid: 5e661976c1c2f2543a98238efbdc2507, type: 3}
    - target: {fileID: 0}
      propertyPath: m_PlayOnAwake
      value: 0
      objectReference: {fileID: 0}
    - target: {fileID: 0}
      propertyPath: throwSounds.Array.data[0]
      value: 
      objectReference: {fileID: 8300000, guid: 88930b07aaddf1041b07d9f65aff2be6, type: 3}
    - target: {fileID: 0}
      propertyPath: throwSounds.Array.data[1]
      value: 
      objectReference: {fileID: 8300000, guid: febc0b3fbfdbad74d939686202be0e18, type: 3}
    - target: {fileID: 0}
      propertyPath: throwSounds.Array.data[2]
      value: 
      objectReference: {fileID: 8300000, guid: d819746f07a230445842a9b379b9d5ac, type: 3}
    - target: {fileID: 0}
      propertyPath: throwSounds.Array.data[3]
      value: 
      objectReference: {fileID: 8300000, guid: 814cee2b35b96c94086f54b47e6d4022, type: 3}
    m_RemovedComponents: []
  m_ParentPrefab: {fileID: 0}
  m_RootGameObject: {fileID: 193612}
  m_IsPrefabParent: 1
